
@article{cailloux_formal_2020,
	title = {A formal framework for deliberated judgment},
	doi = {10.1007/s11238-019-09722-7},
	journal = {Theory and Decision},
	volume = 88,
	number = 2,
	pages="269--295",
	author = {Cailloux, Olivier and Meinard, Yves},
	year = {2020},
}

